@ARTICLE{Shape_from_shading_A_survey,
  author={Ruo Zhang and Ping-Sing Tsai and J. E. Cryer and M. Shah},
  journal={IEEE Transactions on Pattern Analysis and Machine Intelligence},
  title={Shape-from-shading: a survey},
  year={1999},
  pages={690-706},
  keywords={computer vision;convergence;error analysis;minimisation;reflectivity;statistical analysis;depth error;mean;minimization approaches;shape-from-shading;standard deviation;surface gradient;synthetic images;Algorithm design and analysis;Computer vision;Humans;Light sources;Nonlinear equations;Performance analysis;Pixel;Robustness;Shape;Timing},
  doi={10.1109/34.784284},
  ISSN={0162-8828},
}

@techreport{Horn_SHAPE_FROM_SHADING_1970,
 author = {Horn, B. K.P.},
 title = {SHAPE FROM SHADING: A METHOD FOR OBTAINING THE SHAPE OF A SMOOTH OPAQUE OBJECT FROM ONE VIEW},
 year = {1970},
 source = {http://www.ncstrl.org:8900/ncstrl/servlet/search?formname=detail\&id=oai%3Ancstrlh%3Amitai%3AMIT-LCS%2F%2FMIT%2FLCS%2FTR-79},
 publisher = {Massachusetts Institute of Technology},
 address = {Cambridge, MA, USA},
}

@ARTICLE{BRDF_Shape_and_reflectance_from_natural_illumination,
  title={{Shape and reflectance from natural illumination}},
  author={G. Oxholm and K. Nishino},
  journal={European Conference on Computer Vision},
  year={2012}
}

@ARTICLE{Shape_estimation_in_natural_illumination,
  title={{Shape estimation in natural illumination}},
  author={M. K. Johnson and E. H. Adelson},
  journal={IEEE Conference on Computer Vision and Pattern Recognition},
  year={2011}
}

@ARTICLE{Shape_from_X_psychophysics_and_computation,
  author = { Heinrich H. Buelthoff,Alan L. Yuille},
  title = {Shape-from-X: psychophysics and computation},
  journal = {Proceedings of SPIE},
  pages = {1383 - 1383 - 12},
  year = {1991},
  doi = {10.1117/12.25259},
  URL = {https://doi.org/10.1117/12.25259},
  eprint = {}
}

@ARTICLE{Perceiving_Shape_from_Shading,
 ISSN = {00368733, 19467087},
 URL = {http://www.jstor.org/stable/24989197},
 author = {Vilayanur S. Ramachandran},
 journal = {Scientific American},
 pages = {76-83},
 publisher = {Scientific American, a division of Nature America, Inc.},
 title = {Perceiving Shape from Shading},
 year = {1988}
}

  @ARTICLE{Shape_from_shading_under_complex_natural_illumination,
  author={R. Huang and W. A. P. Smith},
  journal={IEEE International Conference on Image Processing},
  title={Shape-from-shading under complex natural illumination},
  year={2011},
  pages={13-16},
  doi={10.1109/ICIP.2011.6115701},
  ISSN={1522-4880},
}

@ARTICLE{Statistics_of_Natural_Image_Wood,
  title = {Statistics of Natural Images: Scaling in the Woods},
  author = {Daniel L. Ruderman and William Bialek},
  journal = {Advances in Neural Information Processing Systems 6},
  editor = {J. D. Cowan and G. Tesauro and J. Alspector},
  pages = {551--558},
  year = {1994},
  publisher = {Morgan-Kaufmann},
  url = {http://papers.nips.cc/paper/835-statistics-of-natural-images-scaling-in-the-woods.pdf}
}

@ARTICLE{Relations_between_the_statistics_of_natural_images,
  author = {David J. Field},
  journal = {Optical Society of America A},
  keywords = {Discrete Fourier transforms; Edge detection; Fourier transforms; Image analysis; Image processing; Image sensors},
  pages = {2379--2394},
  publisher = {OSA},
  title = {Relations between the statistics of natural images and the response properties of cortical cells},
  year = {1987},
  url = {http://josaa.osa.org/abstract.cfm?URI=josaa-4-12-2379},
  doi = {10.1364/JOSAA.4.002379},
}

@ARTICLE{Shape_albedo_and_illumination_from_a_single_image,
  author={J. T. Barron and J. Malik},
  journal={2012 IEEE Conference on Computer Vision and Pattern Recognition},
  title={Shape, albedo, and illumination from a single image of an unknown object},
  year={2012},
  pages={334-341},
  keywords={computer graphics;image colour analysis;optimisation;statistical analysis;MIT intrinsic images dataset;SAIFS;object grayscale image;occluding contour;optimization problem;outward-facing orientation;shading;spherical harmonic model;statistical models;unknown object image albedo recovery;unknown object image illumination recovery;unknown object image shape recovery;Entropy;Gray-scale;Lighting;Materials;Optimization;Shape;Training},
  doi={10.1109/CVPR.2012.6247693},
  ISSN={1063-6919},
}

@ARTICLE{Impossible_shaded_images,
  author={B. K. P. Horn and R. S. Szeliski and A. L. Yuille},
  journal={IEEE Transactions on Pattern Analysis and Machine Intelligence},
  title={Impossible shaded images},
  year={1993},
  pages={166-170},
  keywords={image recognition;isolated surface patch;light area;local extremum;lower gradient;orientation discontinuity;shaded images;Artificial intelligence;Brightness;Computer vision;Equations;History;Laboratories;Layout;Light sources;Reflectivity;Shape},
  doi={10.1109/34.192489},
  ISSN={0162-8828},
}

@article{Numerical_methods_for_shape_from_shading,
  title = "Numerical methods for shape-from-shading: A new survey with benchmarks",
  journal = "Computer Vision and Image Understanding",
  pages = "22 - 43",
  year = "2008",
  issn = "1077-3142",
  doi = "https://doi.org/10.1016/j.cviu.2007.09.003",
  url = "http://www.sciencedirect.com/science/article/pii/S1077314207001361",
  author = "Jean-Denis Durou and Maurizio Falcone and Manuela Sagona",
  keywords = "Shape-from-shading, Eikonal equation, Numerical methods, Algorithms comparison"
}

@INPROCEEDINGS{Training_many_parameter_shape_from_shading_models,
  author={N. Khan and Lam Tran and M. Tappen},
  booktitle={International Conference on Computer Vision Workshops},
  title={Training many-parameter shape-from-shading models using a surface database},
  year={2009},
  pages={1433-1440},
  keywords={Gaussian processes;image reconstruction;image resolution;learning (artificial intelligence);reflectivity;shape recognition;visual databases;3D shapes;Gaussian parameterization;SFS problem;illumination direction;intensity-based weights;isophotes;machine learning;many-parameter shape-from-shading models;offline phase;pixel;reflectance map;shape reconstruction;surface database;weighting parameter set;Computer vision;Conferences;Databases;Image reconstruction;Machine learning;Partial differential equations;Pixel;Shape;Surface reconstruction;Training data},
  doi={10.1109/ICCVW.2009.5457444},
  ISSN={},
}

@INPROCEEDINGS{A_neural_network_approach_for_shape_from_shading,
  author={J. Ben-Arie and D. Nandy},
  booktitle={Proceedings 1998 International Conference on Image Processing},
  title={A neural network approach for reconstructing surface shape from shading},
  year={1998},
  pages={972-976 vol.2},
  keywords={backpropagation;brightness;eigenvalues and eigenfunctions;feedforward neural nets;image reconstruction;backpropagation based neural network;brightness patterns learning;cylinders;eigen coefficients;facial structure;feedforward neural network;hyperboloids;input pattern;intensity images;local smoothness constraint;localized intensity patches;neural network approach;neural network training;output pattern;overlapped areas;paraboloids;pixels;range data;shading images;sum squared error minimisation;surface range;surface shape reconstruction;weight diffusion process;Backpropagation;Brightness;Equations;Image reconstruction;Image resolution;Lighting;Neural networks;Photometry;Shape;Surface reconstruction},
  doi={10.1109/ICIP.1998.723716},
  ISSN={},
}

@incollection{ImageNet_Deep_Convolutional_Neural_Networks,
  title = {ImageNet Classification with Deep Convolutional Neural Networks},
  author = {Alex Krizhevsky and Sutskever, Ilya and Hinton, Geoffrey E},
  booktitle = {Advances in Neural Information Processing Systems 25},
  editor = {F. Pereira and C. J. C. Burges and L. Bottou and K. Q. Weinberger},
  pages = {1097--1105},
  year = {2012},
  publisher = {Curran Associates, Inc.},
  url = {http://papers.nips.cc/paper/4824-imagenet-classification-with-deep-convolutional-neural-networks.pdf}
}

@misc{Mitsuba,
   Author = {Wenzel Jakob},
   Year = {2010},
   Note = {http://www.mitsuba-renderer.org},
   Title = {Mitsuba renderer}
}

@mastersthesis{Reflectance_map_techniques,
  author       = "Woodham, Robert James",
  title        = "Reflectance map techniques for analyzing surface defects in metal castings",
  school       = {Massachusetts Institute of Technology},
  year         = 1978,
  pages      = "32",
}

@InProceedings{MarrNet,
  title={{MarrNet: 3D Shape Reconstruction via 2.5D Sketches}},
  author={Wu, Jiajun and Wang, Yifan and Xue, Tianfan and Sun, Xingyuan and Freeman, William T and Tenenbaum, Joshua B},
  booktitle={Advances In Neural Information Processing Systems},
  year={2017}
}
